@STRING{ETP = {Entrepreneurship: Theory \& Practice}}
@STRING{FER = {Frontiers of Entrepreneurship Research}}
@STRING{OS = {Organization Science}}

@article{article1,
	author = "Adler, P. S. and Goldoftas, B. and Levine, D. I.",
	title = "Flexibility versus efficiency? {A} case study of model changeovers in the {T}oyota production system",
	journal = OS,
	year = 1999,
	volume = 10,
	pages = "43--68"
}

@article{article2,
	author = {Aghion, Philippe and Tirole, Jean},
	title = {Formal and real authority in organizations},
	journal = {Journal of Political Economy},
	year = {1997},
	volume = {105},
	number = {1},
	pages = {1--29},
	category = {culture}
}

@article{article3,
	author = "Ahistrom, D. and Bruton, G. D.",
	title = "An institutional perspective on the role of culture in shaping strategic actions by technology-focused entrepreneurial firms in China",
	journal = ETP,
	year = 2003,
	volume = 26,
	number = 4,
	pages = "52--69"
}

@Book{tex,
	author = "Donald E. Knuth",
	title = "The {\TeX} Book",
	publisher = "Addison-Wesley Publishing Company",
	address = "Reading, MA",
	year = 1989,
	edition = 15,
}

@Book{companion,
	author = "Michel Goosens and Frank Mittelbach and Alexander Samarin",
	title = "The {\LaTeX} Companion",
	publisher = "Addison-Wesley Publishing Company",
	address = "Reading, MA",
	PAGES = "112--125",
	year = 1994,
}

@MastersThesis{master,
	author = {猪八戒 and 猪悟能 and 猪刚鬣 and 天蓬元帅},
	title = {论流体食物的持久保存},
	school = {广寒宫大学},
	year = 2005,
	address = {北京},
        language = "chinese",
        key = "zhubajie"
}

@PhdThesis{doctor,
	author = {沙和尚},
	title = {论流沙河的综合治理},
	school = {流沙河大学},
	year = 2005,
	address = {北京},
        language = "chinese",
        key = "shaheshang"
}

@incollection{collection,
	author = {Rauch, Andreas},
	title = {Characteristics of small-scale business owners: A meta-analysis on emergence and success},
	booktitle = FER,
	publisher = {Babson College},
	year = {2003},
	editor = {Bygrave, W. D. and Brush, C. G. and Lerner, M. and Davidsson, P. and Meyer, G. D. and Fiet, J. and Sohl, J. and Greene, P. G. and Zacharakis, A. and Harrison, R. T.},
	address = {Wellesley, Massachusetts},
	pages = {517--529}
}

@inproceedings{proceeding,
	author = {Rauch, Andreas},
	title = {Characteristics of small-scale business owners: A meta-analysis on emergence and success},
	booktitle = FER,
	publisher = {Babson College},
	year = {2003},
	editor = {Bygrave, W. D. and Brush, C. G.},
	address = {Wellesley, Massachusetts},
	pages = {517--529}
}

@conference{conference,
	author = {Selden, S. C.},
	title = {Testing a multi-dimensional model of organizational performance: Prospects and problems},
	booktitle = {Paper presented at the 7th National Public Management Research Conference},
	publisher = "NPMRC",
	address = {Washington, DC.},
	year = {2003},
	pages = {222--234},
	category = performance
}
